

<!-- דוד בן גוריון -->

<record xmlns="http://www.loc.gov/MARC21/slim"
xmlns:xsi="http://www.w3.org/2001/XMLSchema-instance"
xsi:schemaLocation="http://www.loc.gov/MARC21/slim
http://www.loc.gov/standards/marcxml/schema/MARC21slim.xsd">
  <leader>     nz  a22     n  4500</leader>
  <controlfield tag="001">000017959</controlfield>
  <controlfield tag="005">20151223155113.0</controlfield>
  <controlfield tag="008">000108|||a||||aab|||||||||||||||||||||||</controlfield>
  <datafield tag="046" ind1=" " ind2=" ">
    <subfield code="f">1886-10-16</subfield>
    <subfield code="g">1973-12-01</subfield>
    <subfield code="2">edtf</subfield>
  </datafield>
  <datafield tag="100" ind1="1" ind2=" ">
    <subfield code="a">Ben-Gurion, David,</subfield>
    <subfield code="d">1886-1973</subfield>
    <subfield code="9">lat</subfield>
  </datafield>
  <datafield tag="100" ind1="1" ind2=" ">
    <subfield code="a">בן גוריון, דוד,</subfield>
    <subfield code="d">1886-1973</subfield>
    <subfield code="9">heb</subfield>
  </datafield>
  <datafield tag="100" ind1="1" ind2=" ">
    <subfield code="a">بن غوريون، دافيد</subfield>
    <subfield code="9">ara</subfield>
  </datafield>
  <datafield tag="100" ind1="1" ind2=" ">
    <subfield code="a">Бен-Гурион, Давид,</subfield>
    <subfield code="d">1886-1973</subfield>
    <subfield code="9">cyr</subfield>
  </datafield>
  <datafield tag="400" ind1="1" ind2=" ">
    <subfield code="a">Gryn, David,</subfield>
    <subfield code="d">1886-1973</subfield>
    <subfield code="9">lat</subfield>
  </datafield>
  <datafield tag="400" ind1="1" ind2=" ">
    <subfield code="a">Ben Gourion, David,</subfield>
    <subfield code="d">1886-1973</subfield>
    <subfield code="9">lat</subfield>
  </datafield>
  <datafield tag="400" ind1="1" ind2=" ">
    <subfield code="a">Ben-Gurion, Dawid,</subfield>
    <subfield code="d">1886-1973</subfield>
    <subfield code="9">lat</subfield>
  </datafield>
  <datafield tag="400" ind1="1" ind2=" ">
    <subfield code="a">Gruen, David Joseph,</subfield>
    <subfield code="d">1886-1973</subfield>
    <subfield code="9">lat</subfield>
  </datafield>
  <datafield tag="400" ind1="1" ind2=" ">
    <subfield code="a">Yariv, S. S.,</subfield>
    <subfield code="d">1886-1973</subfield>
    <subfield code="9">lat</subfield>
  </datafield>
  <datafield tag="400" ind1="1" ind2=" ">
    <subfield code="a">יריב, ס ש</subfield>
    <subfield code="9">heb</subfield>
  </datafield>
  <datafield tag="400" ind1="1" ind2=" ">
    <subfield code="a">בן גריון, דוד,</subfield>
    <subfield code="d">1886-1973</subfield>
    <subfield code="9">heb</subfield>
  </datafield>
  <datafield tag="400" ind1="1" ind2=" ">
    <subfield code="a">بن جوريون، دافيد</subfield>
    <subfield code="9">ara</subfield>
  </datafield>
  <datafield tag="400" ind1="1" ind2=" ">
    <subfield code="a">بن جوريون، داڤيد</subfield>
    <subfield code="9">ara</subfield>
  </datafield>
  <datafield tag="400" ind1="0" ind2=" ">
    <subfield code="a">ס. ש. יריב</subfield>
    <subfield code="9">heb</subfield>
  </datafield>
  <datafield tag="400" ind1="0" ind2=" ">
    <subfield code="a">דוד בן-גוריון</subfield>
    <subfield code="9">heb</subfield>
  </datafield>
  <datafield tag="400" ind1="1" ind2=" ">
    <subfield code="a">בן-גוריון, דוד יוסף בן אביגדור</subfield>
    <subfield code="9">heb</subfield>
  </datafield>
  <datafield tag="667" ind1=" " ind2=" ">
    <subfield code="a">Viaf cluster heading merged from record 000168074</subfield>
  </datafield>
  <datafield tag="667" ind1=" " ind2=" ">
    <subfield code="a">בן גוריון, דוד יוסף בן אביגדור</subfield>
  </datafield>
  <datafield tag="667" ind1=" " ind2=" ">
    <subfield code="a">שם קודם: גרין.</subfield>
  </datafield>
  <datafield tag="667" ind1=" " ind2=" ">
    <subfield code="a">הפניות נוצרו בתהליך אוטומטי על בסיס שם משפחה</subfield>
  </datafield>
  <datafield tag="667" ind1=" " ind2=" ">
    <subfield code="a">Viaf cluster heading merged from record 000160547</subfield>
  </datafield>
  <datafield tag="667" ind1=" " ind2=" ">
    <subfield code="a">Heading merged from record: 000148232</subfield>
  </datafield>
  <datafield tag="670" ind1=" " ind2=" ">
    <subfield code="a">מיטן פנים צו דער צוקונפט. תש&quot;ט.</subfield>
  </datafield>
  <datafield tag="670" ind1=" " ind2=" ">
    <subfield code="a">LCN</subfield>
  </datafield>
  <datafield tag="670" ind1=" " ind2=" ">
    <subfield code="a">Record enhanced with data from Bibliography of the Hebrew Book database</subfield>
  </datafield>
  <datafield tag="670" ind1=" " ind2=" ">
    <subfield code="a">ד&apos; תדהר, אנציקלופדיה לחלוצי הישוב ובוניו, ג, (1949), עמ&apos; 1101-1097</subfield>
  </datafield>
  <datafield tag="670" ind1=" " ind2=" ">
    <subfield code="a">ברכה חבס, דוד בן-גוריון ודורו, תל-אביב תשי&quot;ב</subfield>
  </datafield>
  <datafield tag="678" ind1=" " ind2=" ">
    <subfield code="a">מקום לידה: Plonsk</subfield>
  </datafield>
  <datafield tag="678" ind1=" " ind2=" ">
    <subfield code="a">מקום לידה: פלונסק</subfield>
  </datafield>
  <datafield tag="678" ind1=" " ind2=" ">
    <subfield code="a">מקום לידה: [פולין]</subfield>
  </datafield>
  <datafield tag="678" ind1=" " ind2=" ">
    <subfield code="a">תאריך לידה עברי: יז תשרי תרמ&quot;ז [16.10.1886]</subfield>
  </datafield>
  <datafield tag="678" ind1=" " ind2=" ">
    <subfield code="a">מקום פטירה: Sede Boqer</subfield>
  </datafield>
  <datafield tag="678" ind1=" " ind2=" ">
    <subfield code="a">מקום פטירה: שדה בוקר</subfield>
  </datafield>
  <datafield tag="678" ind1=" " ind2=" ">
    <subfield code="a">תאריך פטירה עברי: ו כסליו תשל&quot;ד [1.12.73].</subfield>
  </datafield>
  <datafield tag="678" ind1=" " ind2=" ">
    <subfield code="a">תאריך עליה: עלה ארצה בשנת תרס&quot;ו [1906].</subfield>
  </datafield>
  <datafield tag="700" ind1="1" ind2="7">
    <subfield code="a">בן-גוריון, דוד יוסף בן אביגדור</subfield>
    <subfield code="2">bhb</subfield>
    <subfield code="9">heb</subfield>
  </datafield>
  <datafield tag="700" ind1="1" ind2="7">
    <subfield code="a">BEN-GURION, DAVID JOSEPH B. ABIGDOR</subfield>
    <subfield code="2">bhb</subfield>
    <subfield code="9">lat</subfield>
  </datafield>
  <datafield tag="901" ind1=" " ind2=" ">
    <subfield code="a">32016450</subfield>
  </datafield>
  <datafield tag="903" ind1=" " ind2=" ">
    <subfield code="a">000010731</subfield>
  </datafield>
  <datafield tag="985" ind1=" " ind2=" ">
    <subfield code="a">ACUM-PI090215900</subfield>
  </datafield>
</record>