

<!-- נעמי שמר -->

<record xmlns="http://www.loc.gov/MARC21/slim"
xmlns:xsi="http://www.w3.org/2001/XMLSchema-instance"
xsi:schemaLocation="http://www.loc.gov/MARC21/slim
http://www.loc.gov/standards/marcxml/schema/MARC21slim.xsd">
  <leader>     nz  a22     n  4500</leader>
  <controlfield tag="001">000121498</controlfield>
  <controlfield tag="005">20150504225316.0</controlfield>
  <controlfield tag="008">021201|||az|||aab|||||||||||||||||||||||</controlfield>
  <datafield tag="040" ind1=" " ind2=" ">
    <subfield code="e">rda</subfield>
  </datafield>
  <datafield tag="046" ind1=" " ind2=" ">
    <subfield code="f">1930-07-13</subfield>
    <subfield code="g">2004-06-26</subfield>
    <subfield code="2">edtf</subfield>
  </datafield>
  <datafield tag="100" ind1="1" ind2=" ">
    <subfield code="a">Shemer, Naomi,</subfield>
    <subfield code="d">1930-2004</subfield>
    <subfield code="9">lat</subfield>
  </datafield>
  <datafield tag="100" ind1="1" ind2=" ">
    <subfield code="a">שמר, נעמי,</subfield>
    <subfield code="d">1930-2004</subfield>
    <subfield code="9">heb</subfield>
  </datafield>
  <datafield tag="370" ind1=" " ind2=" ">
    <subfield code="a">Kibbutz Kinneret, Israel</subfield>
    <subfield code="b">Tel Aviv, Israel</subfield>
    <subfield code="f">Paris, France</subfield>
    <subfield code="f">USA</subfield>
  </datafield>
  <datafield tag="373" ind1=" " ind2=" ">
    <subfield code="a">&lt;&lt;The&gt;&gt; academy of the hebrew language</subfield>
  </datafield>
  <datafield tag="373" ind1=" " ind2=" ">
    <subfield code="a">Aqum</subfield>
  </datafield>
  <datafield tag="374" ind1=" " ind2=" ">
    <subfield code="a">Musician</subfield>
    <subfield code="a">Composer</subfield>
    <subfield code="a">Poet</subfield>
  </datafield>
  <datafield tag="375" ind1=" " ind2=" ">
    <subfield code="a">female</subfield>
  </datafield>
  <datafield tag="377" ind1=" " ind2=" ">
    <subfield code="a">heb</subfield>
  </datafield>
  <datafield tag="400" ind1="1" ind2=" ">
    <subfield code="a">שמר, נעמי</subfield>
    <subfield code="9">heb</subfield>
  </datafield>
  <datafield tag="400" ind1="1" ind2=" ">
    <subfield code="a">Shemer-Sapir, Naomi,</subfield>
    <subfield code="d">1930-2004</subfield>
    <subfield code="9">lat</subfield>
  </datafield>
  <datafield tag="400" ind1="1" ind2=" ">
    <subfield code="a">Sapir, Naomi Shemer-,</subfield>
    <subfield code="d">1930-2004</subfield>
    <subfield code="9">lat</subfield>
  </datafield>
  <datafield tag="400" ind1="1" ind2=" ">
    <subfield code="a">Shemer-Horowitz, Naomi,</subfield>
    <subfield code="d">1930-2004</subfield>
    <subfield code="9">lat</subfield>
  </datafield>
  <datafield tag="400" ind1="1" ind2=" ">
    <subfield code="a">Horowitz, Naomi Shemer,</subfield>
    <subfield code="d">1930-2004</subfield>
    <subfield code="9">lat</subfield>
  </datafield>
  <datafield tag="400" ind1="0" ind2=" ">
    <subfield code="a">אליפז</subfield>
    <subfield code="9">heb</subfield>
  </datafield>
  <datafield tag="400" ind1="0" ind2=" ">
    <subfield code="a">ש. כרמל</subfield>
    <subfield code="9">heb</subfield>
  </datafield>
  <datafield tag="667" ind1=" " ind2=" ">
    <subfield code="a">Viaf cluster heading merged from record 000225047</subfield>
  </datafield>
  <datafield tag="670" ind1=" " ind2=" ">
    <subfield code="a">Simane derekh, 2003:</subfield>
    <subfield code="b">t.p. (Noʻomi Shemer) added t.p. (Naomi Shemer [in rom.]) fly leaf (naladti 13 le-Yuli, 1930...)</subfield>
  </datafield>
  <datafield tag="670" ind1=" " ind2=" ">
    <subfield code="a">New York times, June 29, 2004</subfield>
    <subfield code="b">(Naomi Shemer, 74, poet and composer; d. June 26, 2004, Tel Aviv)</subfield>
  </datafield>
  <datafield tag="670" ind1=" " ind2=" ">
    <subfield code="a">The Author&apos;s אל בורות המים</subfield>
  </datafield>
  <datafield tag="901" ind1=" " ind2=" ">
    <subfield code="a">29798132</subfield>
  </datafield>
  <datafield tag="933" ind1=" " ind2=" ">
    <subfield code="a">MTZ 201306</subfield>
  </datafield>
  <datafield tag="933" ind1=" " ind2=" ">
    <subfield code="a">MTZ 201403</subfield>
  </datafield>
  <datafield tag="985" ind1=" " ind2=" ">
    <subfield code="a">ACUM-00028521398</subfield>
  </datafield>
  <datafield tag="985" ind1=" " ind2=" ">
    <subfield code="a">ACUM-1267</subfield>
  </datafield>
</record>