


<!-- שמעון פרס -->

<record xmlns="http://www.loc.gov/MARC21/slim"
xmlns:xsi="http://www.w3.org/2001/XMLSchema-instance"
xsi:schemaLocation="http://www.loc.gov/MARC21/slim
http://www.loc.gov/standards/marcxml/schema/MARC21slim.xsd">
  <leader>     nz  a22     n  4500</leader>
  <controlfield tag="001">000104575</controlfield>
  <controlfield tag="005">20151231091814.0</controlfield>
  <controlfield tag="008">000108|||az|||aab|||||||||||||||||||||||</controlfield>
  <datafield tag="040" ind1=" " ind2=" ">
    <subfield code="b">mul</subfield>
    <subfield code="e">rda</subfield>
  </datafield>
  <datafield tag="046" ind1=" " ind2=" ">
    <subfield code="f">1923-08-02</subfield>
    <subfield code="2">edtf</subfield>
  </datafield>
  <datafield tag="100" ind1="1" ind2=" ">
    <subfield code="a">Peres, Shimon,</subfield>
    <subfield code="d">1923-</subfield>
    <subfield code="9">lat</subfield>
  </datafield>
  <datafield tag="100" ind1="1" ind2=" ">
    <subfield code="a">פרס, שמעון,</subfield>
    <subfield code="d">1923-</subfield>
    <subfield code="9">heb</subfield>
  </datafield>
  <datafield tag="100" ind1="1" ind2=" ">
    <subfield code="a">بيرس، شمعون،</subfield>
    <subfield code="d">1923-</subfield>
    <subfield code="9">ara</subfield>
  </datafield>
  <datafield tag="100" ind1="1" ind2=" ">
    <subfield code="a">Перес, Шимон,</subfield>
    <subfield code="d">1923-</subfield>
    <subfield code="9">cyr</subfield>
  </datafield>
  <datafield tag="370" ind1=" " ind2=" ">
    <subfield code="a">Vishnyeva, Belarus</subfield>
    <subfield code="c">Israel</subfield>
  </datafield>
  <datafield tag="374" ind1=" " ind2=" ">
    <subfield code="a">Israeli statesman</subfield>
    <subfield code="a">Israeli Prime Minister</subfield>
    <subfield code="a">Israeli President</subfield>
  </datafield>
  <datafield tag="375" ind1=" " ind2=" ">
    <subfield code="a">male</subfield>
  </datafield>
  <datafield tag="377" ind1=" " ind2=" ">
    <subfield code="a">heb</subfield>
    <subfield code="a">eng</subfield>
    <subfield code="a">fre</subfield>
  </datafield>
  <datafield tag="400" ind1="1" ind2=" ">
    <subfield code="a">Persky, Shimon,</subfield>
    <subfield code="d">1923-</subfield>
    <subfield code="9">lat</subfield>
  </datafield>
  <datafield tag="400" ind1="1" ind2=" ">
    <subfield code="a">Peresz, Simon,</subfield>
    <subfield code="d">1923-</subfield>
    <subfield code="9">lat</subfield>
  </datafield>
  <datafield tag="400" ind1="1" ind2=" ">
    <subfield code="a">Perski, Shimon,</subfield>
    <subfield code="d">1923-</subfield>
    <subfield code="9">lat</subfield>
  </datafield>
  <datafield tag="400" ind1="1" ind2=" ">
    <subfield code="a">Perski, Szymon,</subfield>
    <subfield code="d">1923-</subfield>
    <subfield code="9">lat</subfield>
  </datafield>
  <datafield tag="400" ind1="1" ind2=" ">
    <subfield code="a">Peres, Schimon,</subfield>
    <subfield code="d">1923-</subfield>
    <subfield code="9">lat</subfield>
  </datafield>
  <datafield tag="400" ind1="1" ind2=" ">
    <subfield code="a">פרסקי, שמעון</subfield>
    <subfield code="9">heb</subfield>
  </datafield>
  <datafield tag="400" ind1="1" ind2=" ">
    <subfield code="a">פרעס, שמעון,</subfield>
    <subfield code="d">1923-</subfield>
    <subfield code="9">heb</subfield>
  </datafield>
  <datafield tag="400" ind1="1" ind2=" ">
    <subfield code="a">بيريز، شيمون،</subfield>
    <subfield code="d">1923-</subfield>
    <subfield code="9">ara</subfield>
  </datafield>
  <datafield tag="400" ind1="1" ind2=" ">
    <subfield code="a">بيريس، شمعون،</subfield>
    <subfield code="d">1923-</subfield>
    <subfield code="9">ara</subfield>
  </datafield>
  <datafield tag="400" ind1="1" ind2=" ">
    <subfield code="a">بيريز، شمعون،</subfield>
    <subfield code="d">1923-</subfield>
    <subfield code="9">ara</subfield>
  </datafield>
  <datafield tag="667" ind1=" " ind2=" ">
    <subfield code="a">Viaf cluster heading merged from record 000207347</subfield>
  </datafield>
  <datafield tag="667" ind1=" " ind2=" ">
    <subfield code="a">הפניות נוצרו בתהליך אוטומטי על בסיס שם משפחה</subfield>
  </datafield>
  <datafield tag="667" ind1=" " ind2=" ">
    <subfield code="a">Viaf cluster heading merged from record 000160486</subfield>
  </datafield>
  <datafield tag="667" ind1=" " ind2=" ">
    <subfield code="a">Heading merged from record: 000155047</subfield>
  </datafield>
  <datafield tag="670" ind1=" " ind2=" ">
    <subfield code="a">The Author&apos;s &lt;&lt;ה&gt;&gt;שלב הבא, (1965).</subfield>
  </datafield>
  <datafield tag="670" ind1=" " ind2=" ">
    <subfield code="a">LCN</subfield>
  </datafield>
  <datafield tag="670" ind1=" " ind2=" ">
    <subfield code="a">Wikipedia, viewed December 31, 2015:</subfield>
    <subfield code="b">Shimon Peres (Shimon Peres was born Szymon Perski, on 2 August 1923, Wiszniew, Poland (now Vishnyeva, Belarus), to Yitzhak (1896–1962) and Sara (1905–1969 née Meltzer) Perski. Shimon Peres (About this sound listen (help·info); Hebrew: שמעון פרס; born Szymon Perski; 2 August 1923) is a Polish-born Israeli statesman. The family spoke Hebrew, Yiddish and Russian at home, and Peres learned Polish at school. He now speaks English and French in addition to Hebrew. He was the ninth President of Israel from 2007 to 2014. Peres served twice as the Prime Minister of Israel and twice as Interim Prime Minister, and he was a member of 12 cabinets in a political career spanning over 66 years.[1] Peres was elected to the Knesset in November 1959 and, except for a three-month-long hiatus in early 2006, served continuously until 2007, when he became President.)</subfield>
    <subfield code="u">https://en.wikipedia.org/wiki/Shimon_Peres</subfield>
  </datafield>
  <datafield tag="901" ind1=" " ind2=" ">
    <subfield code="a">78770379</subfield>
  </datafield>
  <datafield tag="933" ind1=" " ind2=" ">
    <subfield code="a">lrw 201512</subfield>
  </datafield>
  <datafield tag="985" ind1=" " ind2=" ">
    <subfield code="a">ACUM-00600300234</subfield>
  </datafield>
</record>