

<!-- חנה רובינא -->

<record xmlns="http://www.loc.gov/MARC21/slim"
xmlns:xsi="http://www.w3.org/2001/XMLSchema-instance"
xsi:schemaLocation="http://www.loc.gov/MARC21/slim
http://www.loc.gov/standards/marcxml/schema/MARC21slim.xsd">
  <leader>     cz  a2200217n  45 0</leader>
  <controlfield tag="001">000627846</controlfield>
  <controlfield tag="003">OCoLC</controlfield>
  <controlfield tag="005">20131218173854.0</controlfield>
  <controlfield tag="008">960206n| acannaabn          |b aaa     c</controlfield>
  <datafield tag="100" ind1="1" ind2=" ">
    <subfield code="a">Rovina, Hanna,</subfield>
    <subfield code="d">-1980</subfield>
    <subfield code="9">lat</subfield>
  </datafield>
  <datafield tag="100" ind1="1" ind2=" ">
    <subfield code="a">רובינא, חנה,</subfield>
    <subfield code="d">1893-1980</subfield>
    <subfield code="9">heb</subfield>
  </datafield>
  <datafield tag="400" ind1="1" ind2=" ">
    <subfield code="a">Rovina, Hanna,</subfield>
    <subfield code="d">d. 1980</subfield>
    <subfield code="9">lat</subfield>
  </datafield>
  <datafield tag="400" ind1="1" ind2=" ">
    <subfield code="a">Rovina, Hanna,</subfield>
    <subfield code="d">1889 or 1892-1980</subfield>
    <subfield code="9">lat</subfield>
  </datafield>
  <datafield tag="400" ind1="1" ind2=" ">
    <subfield code="a">Rovina, Hanah,</subfield>
    <subfield code="d">d. 1980</subfield>
    <subfield code="9">lat</subfield>
  </datafield>
  <datafield tag="400" ind1="1" ind2=" ">
    <subfield code="a">Rubin, Hanah,</subfield>
    <subfield code="d">d. 1980</subfield>
    <subfield code="9">lat</subfield>
  </datafield>
  <datafield tag="400" ind1="1" ind2=" ">
    <subfield code="a">Rubina, Hanah,</subfield>
    <subfield code="d">d. 1980</subfield>
    <subfield code="9">lat</subfield>
  </datafield>
  <datafield tag="400" ind1="1" ind2=" ">
    <subfield code="a">Rovina, Ch.</subfield>
    <subfield code="9">lat</subfield>
  </datafield>
  <datafield tag="400" ind1="1" ind2=" ">
    <subfield code="a">Rovina, Chana</subfield>
    <subfield code="9">lat</subfield>
  </datafield>
  <datafield tag="400" ind1="1" ind2=" ">
    <subfield code="a">רובינה, חנה,</subfield>
    <subfield code="d">1893-1980</subfield>
    <subfield code="9">heb</subfield>
  </datafield>
  <datafield tag="670" ind1=" " ind2=" ">
    <subfield code="a">חנה רובינא, 1978:</subfield>
  </datafield>
  <datafield tag="670" ind1=" " ind2=" ">
    <subfield code="a">http://he.wikipedia.org/wiki/%D7%97%D7%A0%D7%94_%D7%A8%D7%95%D7%91%D7%99%D7%A0%D7%90</subfield>
  </datafield>
  <datafield tag="670" ind1=" " ind2=" ">
    <subfield code="a">ha-Malkah nasʻah be-oṭobus, 1995:</subfield>
    <subfield code="b">t.p. (Rovina) t.p. verso (Hanna Rovina [in rom.]) p. 13, etc. (Ḥanah Rubin; Ḥanah Rovina; actress; b. Yom Kipur 643 [1882]; year of birth given also as 1888, 1889 and 1892; d. 15 Shevaṭ 740 (1980))</subfield>
  </datafield>
  <datafield tag="670" ind1=" " ind2=" ">
    <subfield code="a">Enc. Jud., c1972</subfield>
    <subfield code="b">(Rovina, Hanna, 1892- ; Israeli actress)</subfield>
  </datafield>
  <datafield tag="901" ind1=" " ind2=" ">
    <subfield code="a">11405345</subfield>
  </datafield>
  <datafield tag="921" ind1=" " ind2=" ">
    <subfield code="a">lta 201210</subfield>
  </datafield>
</record>