

<!-- נחום גוטמן -->

<record xmlns="http://www.loc.gov/MARC21/slim"
xmlns:xsi="http://www.w3.org/2001/XMLSchema-instance"
xsi:schemaLocation="http://www.loc.gov/MARC21/slim
http://www.loc.gov/standards/marcxml/schema/MARC21slim.xsd">
  <leader>     nz  a22     n  4500</leader>
  <controlfield tag="001">000058086</controlfield>
  <controlfield tag="008">000807|||a||||aab|||||||||||||||||||||||</controlfield>
  <datafield tag="046" ind1=" " ind2=" ">
    <subfield code="f">1898</subfield>
    <subfield code="g">1980</subfield>
    <subfield code="v">Israel Museum thesaurus</subfield>
  </datafield>
  <datafield tag="100" ind1="1" ind2=" ">
    <subfield code="a">Gutman, Nahum,</subfield>
    <subfield code="d">1898-1980</subfield>
    <subfield code="9">lat</subfield>
  </datafield>
  <datafield tag="100" ind1="1" ind2=" ">
    <subfield code="a">גוטמן, נחום,</subfield>
    <subfield code="d">1898-1980</subfield>
    <subfield code="9">heb</subfield>
  </datafield>
  <datafield tag="100" ind1="1" ind2=" ">
    <subfield code="a">Гутман, Нахум,</subfield>
    <subfield code="d">1898-1980</subfield>
    <subfield code="9">cyr</subfield>
  </datafield>
  <datafield tag="370" ind1=" " ind2=" ">
    <subfield code="a">Bessarabia, Russia</subfield>
    <subfield code="v">Israel Museum thesaurus</subfield>
  </datafield>
  <datafield tag="370" ind1=" " ind2=" ">
    <subfield code="e">Israel</subfield>
    <subfield code="v">Israel Museum thesaurus</subfield>
  </datafield>
  <datafield tag="374" ind1=" " ind2=" ">
    <subfield code="a">Painter I author</subfield>
    <subfield code="v">Israel Museum thesaurus</subfield>
  </datafield>
  <datafield tag="400" ind1="1" ind2=" ">
    <subfield code="a">איתן, נחום</subfield>
    <subfield code="9">heb</subfield>
  </datafield>
  <datafield tag="400" ind1="1" ind2=" ">
    <subfield code="a">גוטמאן, נחום,</subfield>
    <subfield code="d">1898-1980</subfield>
    <subfield code="9">heb</subfield>
  </datafield>
  <datafield tag="400" ind1="1" ind2=" ">
    <subfield code="a">גוטמאן, נחום בן שמחה אלטר</subfield>
    <subfield code="9">heb</subfield>
  </datafield>
  <datafield tag="667" ind1=" " ind2=" ">
    <subfield code="a">Viaf cluster heading merged from record 000169581</subfield>
  </datafield>
  <datafield tag="667" ind1=" " ind2=" ">
    <subfield code="a">הפניות נוצרו בתהליך אוטומטי על בסיס שם משפחה</subfield>
  </datafield>
  <datafield tag="667" ind1=" " ind2=" ">
    <subfield code="a">Heading merged from record: 000150367</subfield>
  </datafield>
  <datafield tag="670" ind1=" " ind2=" ">
    <subfield code="a">LCN: Gutman, Nahum, 1898-; date of death from LCN note</subfield>
  </datafield>
  <datafield tag="670" ind1=" " ind2=" ">
    <subfield code="a">Gutman, Nahum, 1898-1980</subfield>
  </datafield>
  <datafield tag="670" ind1=" " ind2=" ">
    <subfield code="a">Record enhanced with data from: The IMAGINE Thesaurus - The Israel Museum Jerusalem Thesaurus - Artist names authority file</subfield>
    <subfield code="u">http://www.imj.org.il/imagine/thesaurus/artists/T8011.htm</subfield>
  </datafield>
  <datafield tag="670" ind1=" " ind2=" ">
    <subfield code="a">Record enhanced with data from Bibliography of the Hebrew Book database</subfield>
  </datafield>
  <datafield tag="670" ind1=" " ind2=" ">
    <subfield code="a">Who&apos;s who in world Jewry, New York 1955, p. 306</subfield>
  </datafield>
  <datafield tag="670" ind1=" " ind2=" ">
    <subfield code="a">Who&apos;s who, Israel, 1963-4, p. 289.</subfield>
  </datafield>
  <datafield tag="670" ind1=" " ind2=" ">
    <subfield code="a">ד&apos; תדהר, אנציקלופדיה לחלוצי הישוב ובוניו, ג, מהד&apos; ב, (1958), עמ&apos; 1344-1343 [כאן: נולד יב מנחם-אב תרנ&quot;ח].</subfield>
  </datafield>
  <datafield tag="670" ind1=" " ind2=" ">
    <subfield code="a">א&apos; כרמל, אישים בישראל תשכ&quot;א, עמ&apos; 79</subfield>
  </datafield>
  <datafield tag="670" ind1=" " ind2=" ">
    <subfield code="a">מעריב, כב כסלו תשמ&quot;א, עמ&apos; 3.</subfield>
  </datafield>
  <datafield tag="670" ind1=" " ind2=" ">
    <subfield code="a">א&apos; אופק, לקסיקון אופק לספרות ילדים, א, עמ&apos; 132-133.</subfield>
  </datafield>
  <datafield tag="678" ind1=" " ind2=" ">
    <subfield code="a">מקום לידה: Telenesti</subfield>
  </datafield>
  <datafield tag="678" ind1=" " ind2=" ">
    <subfield code="a">מקום לידה: טלנשטי Telenesti], בסאראביה]</subfield>
  </datafield>
  <datafield tag="678" ind1=" " ind2=" ">
    <subfield code="a">תאריך לידה עברי: כט תשרי תרנ&quot;ט [15.10.1898]</subfield>
  </datafield>
  <datafield tag="678" ind1=" " ind2=" ">
    <subfield code="a">מקום פטירה: Ra&apos;anannah</subfield>
  </datafield>
  <datafield tag="678" ind1=" " ind2=" ">
    <subfield code="a">מקום פטירה: רעננה</subfield>
  </datafield>
  <datafield tag="678" ind1=" " ind2=" ">
    <subfield code="a">תאריך פטירה עברי: כא כסליו תשמ&quot;א [28.11.1980].</subfield>
  </datafield>
  <datafield tag="678" ind1=" " ind2=" ">
    <subfield code="a">תאריך עליה: עלה ארצה בשנת תרס&quot;ו [1905].</subfield>
  </datafield>
  <datafield tag="700" ind1="1" ind2="7">
    <subfield code="a">גוטמאן, נחום בן שמחה אלטר</subfield>
    <subfield code="2">bhb</subfield>
    <subfield code="9">heb</subfield>
  </datafield>
  <datafield tag="700" ind1="1" ind2="7">
    <subfield code="a">GUTMAN, NAHUM B. SIMHA ALTER</subfield>
    <subfield code="2">bhb</subfield>
    <subfield code="9">lat</subfield>
  </datafield>
  <datafield tag="901" ind1=" " ind2=" ">
    <subfield code="a">32232401</subfield>
  </datafield>
  <datafield tag="903" ind1=" " ind2=" ">
    <subfield code="a">000024869</subfield>
  </datafield>
  <datafield tag="986" ind1=" " ind2=" ">
    <subfield code="a">T8011</subfield>
  </datafield>
</record>