

<!-- אסתר עופרים-->

<record xmlns="http://www.loc.gov/MARC21/slim"
xmlns:xsi="http://www.w3.org/2001/XMLSchema-instance"
xsi:schemaLocation="http://www.loc.gov/MARC21/slim
http://www.loc.gov/standards/marcxml/schema/MARC21slim.xsd">
  <leader>     nz  a22     n  4500</leader>
  <controlfield tag="001">000324743</controlfield>
  <controlfield tag="005">20140616132326.0</controlfield>
  <controlfield tag="008">100906 | acannaab|           | |||     d</controlfield>
  <datafield tag="046" ind1=" " ind2=" ">
    <subfield code="f">1940</subfield>
    <subfield code="2">edtf</subfield>
  </datafield>
  <datafield tag="100" ind1="1" ind2=" ">
    <subfield code="a">עופרים, אסתר,</subfield>
    <subfield code="d">1940-</subfield>
    <subfield code="9">heb</subfield>
  </datafield>
  <datafield tag="100" ind1="1" ind2=" ">
    <subfield code="a">Ofarim, Ester</subfield>
    <subfield code="9">lat</subfield>
  </datafield>
  <datafield tag="400" ind1="1" ind2=" ">
    <subfield code="a">עפרים, אסתר,</subfield>
    <subfield code="d">1940-</subfield>
    <subfield code="9">heb</subfield>
  </datafield>
  <datafield tag="400" ind1="1" ind2=" ">
    <subfield code="a">ריכשטט, אסתר,</subfield>
    <subfield code="d">1940-</subfield>
    <subfield code="9">heb</subfield>
  </datafield>
  <datafield tag="400" ind1="1" ind2=" ">
    <subfield code="a">זיד, אסתר,</subfield>
    <subfield code="d">1940-</subfield>
    <subfield code="9">heb</subfield>
  </datafield>
  <datafield tag="400" ind1="1" ind2=" ">
    <subfield code="a">ריכשטט, אסתר</subfield>
    <subfield code="9">heb</subfield>
  </datafield>
  <datafield tag="510" ind1="2" ind2=" ">
    <subfield code="a">&lt;&lt;ה&gt;&gt;עפרים (צמד)</subfield>
    <subfield code="9">heb</subfield>
  </datafield>
  <datafield tag="667" ind1=" " ind2=" ">
    <subfield code="a">LC Latin script heading added from VIAF - LC n 95003815</subfield>
  </datafield>
  <datafield tag="670" ind1=" " ind2=" ">
    <subfield code="a">תקליטור שמע : היו לילות, 1988.</subfield>
  </datafield>
  <datafield tag="670" ind1=" " ind2=" ">
    <subfield code="a">ראה: http://he.wikipedia.org :</subfield>
    <subfield code="b">אסתר עופרים (נולדה ב־13 ביוני 1940) היא זמרת ישראלית ; נולדה בצפת כאסתר זייד ; התחתנה עם אברהם רייכשטט (אבי עופרים).</subfield>
  </datafield>
  <datafield tag="901" ind1=" " ind2=" ">
    <subfield code="a">6010228</subfield>
  </datafield>
  <datafield tag="985" ind1=" " ind2=" ">
    <subfield code="a">ACUM-3702</subfield>
  </datafield>
</record>