

<!-- מערכת המכפלה -->

<record xmlns="http://www.loc.gov/MARC21/slim"
xmlns:xsi="http://www.w3.org/2001/XMLSchema-instance"
xsi:schemaLocation="http://www.loc.gov/MARC21/slim
http://www.loc.gov/standards/marcxml/schema/MARC21slim.xsd">
  <leader>     nz  a22     n  4500</leader>
  <controlfield tag="001">000091236</controlfield>
  <controlfield tag="005">20130718125244.0</controlfield>
  <controlfield tag="008">000108|||a||||bab|||||||||||||||||||||||</controlfield>
  <datafield tag="151" ind1=" " ind2=" ">
    <subfield code="a">Tomb of the Patriarchs (Hebron, West Bank)</subfield>
    <subfield code="9">lat</subfield>
  </datafield>
  <datafield tag="151" ind1=" " ind2=" ">
    <subfield code="a">מערת המכפלה (חברון, גדה מערבית)</subfield>
    <subfield code="9">heb</subfield>
  </datafield>
  <datafield tag="451" ind1=" " ind2=" ">
    <subfield code="a">Cave of the Patriarchs (Hebron, West Bank)</subfield>
    <subfield code="9">lat</subfield>
  </datafield>
  <datafield tag="451" ind1=" " ind2=" ">
    <subfield code="a">Me&apos;Arat Ha-Makhpela (Hebron)</subfield>
    <subfield code="9">lat</subfield>
  </datafield>
  <datafield tag="451" ind1=" " ind2=" ">
    <subfield code="a">Me&apos;Arat Ha-Makhpela</subfield>
    <subfield code="9">lat</subfield>
  </datafield>
  <datafield tag="451" ind1=" " ind2=" ">
    <subfield code="a">Me&apos;Arat Ha-Makhpela (Hebron, West Bank)</subfield>
    <subfield code="9">lat</subfield>
  </datafield>
  <datafield tag="451" ind1=" " ind2=" ">
    <subfield code="a">Me&apos;Arat Ha-Makhpela (Hebron, Israel)</subfield>
    <subfield code="9">lat</subfield>
  </datafield>
  <datafield tag="451" ind1=" " ind2=" ">
    <subfield code="a">&lt;&lt;al&gt;&gt;-Ibrahimi Mosque (Hebron)</subfield>
    <subfield code="9">lat</subfield>
  </datafield>
  <datafield tag="451" ind1=" " ind2=" ">
    <subfield code="a">Cave of Makhpela (Hebron)</subfield>
    <subfield code="9">lat</subfield>
  </datafield>
  <datafield tag="451" ind1=" " ind2=" ">
    <subfield code="a">Machpelah, Cave of (Hebron)</subfield>
    <subfield code="9">lat</subfield>
  </datafield>
  <datafield tag="451" ind1=" " ind2=" ">
    <subfield code="a">Cave of Machpelah (Hebron)</subfield>
    <subfield code="9">lat</subfield>
  </datafield>
  <datafield tag="451" ind1=" " ind2=" ">
    <subfield code="a">Cave of Machpela (Hebron)</subfield>
    <subfield code="9">lat</subfield>
  </datafield>
  <datafield tag="451" ind1=" " ind2=" ">
    <subfield code="a">&lt;&lt;al&gt;&gt;-Masjid al-Ibrahimi (Hebron)</subfield>
    <subfield code="9">lat</subfield>
  </datafield>
  <datafield tag="451" ind1=" " ind2=" ">
    <subfield code="a">Tomb of the Patriarchs (Hebron)</subfield>
    <subfield code="9">lat</subfield>
  </datafield>
  <datafield tag="550" ind1=" " ind2=" ">
    <subfield code="w">g</subfield>
    <subfield code="a">Caves</subfield>
    <subfield code="z">West Bank</subfield>
    <subfield code="9">lat</subfield>
  </datafield>
  <datafield tag="550" ind1=" " ind2=" ">
    <subfield code="w">g</subfield>
    <subfield code="a">Shrines</subfield>
    <subfield code="z">West Bank</subfield>
    <subfield code="9">lat</subfield>
  </datafield>
  <datafield tag="550" ind1=" " ind2=" ">
    <subfield code="w">g</subfield>
    <subfield code="a">Tombs</subfield>
    <subfield code="z">West Bank</subfield>
    <subfield code="9">lat</subfield>
  </datafield>
  <datafield tag="670" ind1=" " ind2=" ">
    <subfield code="a">Work cat.: Religious education, New Testament, Digital Library, 2000</subfield>
    <subfield code="b">(Cave of Machpelah)</subfield>
  </datafield>
  <datafield tag="670" ind1=" " ind2=" ">
    <subfield code="a">Religious education, New Testament, Digital Library, 2000. Discovering the world of the Bible, 1996:</subfield>
    <subfield code="b">p. 193 (The Tomb of the Patriarchs is the Cave of Machpelah, located beneath a huge shrine dating back to Herod&apos;s time. This was a sacred site where people visited as tourists in the days of Jesus.)</subfield>
  </datafield>
  <datafield tag="670" ind1=" " ind2=" ">
    <subfield code="a">The Holy Land : a geographical, historical and archaeological guide to the land of the Bible, c1990:</subfield>
    <subfield code="b">p. 245-236 (The Tomb of the Patriarchs is built over a natural cave that tradition identifies as the Cave of Machpelah)</subfield>
  </datafield>
  <datafield tag="901" ind1=" " ind2=" ">
    <subfield code="a">316572816</subfield>
  </datafield>
</record>