

<!-- הר קדומים / הר הקפיצה -->

<record xmlns="http://www.loc.gov/MARC21/slim"
xmlns:xsi="http://www.w3.org/2001/XMLSchema-instance"
xsi:schemaLocation="http://www.loc.gov/MARC21/slim
http://www.loc.gov/standards/marcxml/schema/MARC21slim.xsd">
  <leader>     cz  a2200193n  4500</leader>
  <controlfield tag="001">000637325</controlfield>
  <controlfield tag="003">DLC</controlfield>
  <controlfield tag="005">20000811103642.0</controlfield>
  <controlfield tag="008">000623|| anannbabn          |a ana     c</controlfield>
  <datafield tag="010" ind1=" " ind2=" ">
    <subfield code="a">sh 00007121</subfield>
  </datafield>
  <datafield tag="040" ind1=" " ind2=" ">
    <subfield code="a">UPB</subfield>
    <subfield code="b">eng</subfield>
    <subfield code="c">DLC</subfield>
  </datafield>
  <datafield tag="151" ind1=" " ind2=" ">
    <subfield code="a">Precipitation, Mount of (Israel)</subfield>
    <subfield code="9">lat</subfield>
  </datafield>
  <datafield tag="451" ind1=" " ind2=" ">
    <subfield code="a">Mount of Precipitation (Israel)</subfield>
    <subfield code="9">lat</subfield>
  </datafield>
  <datafield tag="550" ind1=" " ind2=" ">
    <subfield code="w">g</subfield>
    <subfield code="a">Mountains</subfield>
    <subfield code="z">Israel</subfield>
    <subfield code="9">lat</subfield>
  </datafield>
  <datafield tag="670" ind1=" " ind2=" ">
    <subfield code="a">Work cat.: Religious education, New Testament, Digital Library, 2000.</subfield>
  </datafield>
  <datafield tag="670" ind1=" " ind2=" ">
    <subfield code="a">Emmett, Chad F. Beyond the Basilica : Christians and Muslims in Nazareth, 1995:</subfield>
    <subfield code="b">p. 114 (The Traditional Mount of Precipitation is two miles away from the town.)</subfield>
  </datafield>
  <datafield tag="670" ind1=" " ind2=" ">
    <subfield code="a">Discovering the world of the Bible:</subfield>
    <subfield code="b">p. 110 (Mount of Precipitation; known also as the &quot;Leap of the Lord)</subfield>
  </datafield>
  <datafield tag="675" ind1=" " ind2=" ">
    <subfield code="a">GeoNet;</subfield>
    <subfield code="a">Getty;</subfield>
    <subfield code="a">Lippincott;</subfield>
    <subfield code="a">Web. geog.</subfield>
  </datafield>
  <datafield tag="781" ind1=" " ind2="0">
    <subfield code="z">Israel</subfield>
    <subfield code="z">Precipitation, Mount of</subfield>
  </datafield>
  <datafield tag="901" ind1=" " ind2=" ">
    <subfield code="a">315150350</subfield>
  </datafield>
</record>