

<!-- הים האגאי -->

<record xmlns="http://www.loc.gov/MARC21/slim"
xmlns:xsi="http://www.w3.org/2001/XMLSchema-instance"
xsi:schemaLocation="http://www.loc.gov/MARC21/slim
http://www.loc.gov/standards/marcxml/schema/MARC21slim.xsd">
  <leader>     cz  a2200205n  4500</leader>
  <controlfield tag="001">000640087</controlfield>
  <controlfield tag="003">DLC</controlfield>
  <controlfield tag="005">19991108090637.0</controlfield>
  <controlfield tag="008">860211|| anannbabn          |a ana</controlfield>
  <datafield tag="010" ind1=" " ind2=" ">
    <subfield code="a">sh 85001233</subfield>
  </datafield>
  <datafield tag="040" ind1=" " ind2=" ">
    <subfield code="a">DLC</subfield>
    <subfield code="c">DLC</subfield>
    <subfield code="d">DLC</subfield>
  </datafield>
  <datafield tag="151" ind1=" " ind2=" ">
    <subfield code="a">Aegean Islands (Greece and Turkey)</subfield>
    <subfield code="9">lat</subfield>
  </datafield>
  <datafield tag="151" ind1=" " ind2=" ">
    <subfield code="a">איי הים האגאי (יוון ותורכיה)</subfield>
    <subfield code="9">heb</subfield>
  </datafield>
  <datafield tag="450" ind1=" " ind2=" ">
    <subfield code="a">Islands</subfield>
    <subfield code="z">Aegean Sea</subfield>
    <subfield code="9">lat</subfield>
  </datafield>
  <datafield tag="451" ind1=" " ind2=" ">
    <subfield code="w">nne</subfield>
    <subfield code="a">Islands of the Aegean</subfield>
    <subfield code="9">lat</subfield>
  </datafield>
  <datafield tag="550" ind1=" " ind2=" ">
    <subfield code="w">g</subfield>
    <subfield code="a">Islands</subfield>
    <subfield code="z">Greece</subfield>
    <subfield code="9">lat</subfield>
  </datafield>
  <datafield tag="550" ind1=" " ind2=" ">
    <subfield code="w">g</subfield>
    <subfield code="a">Islands</subfield>
    <subfield code="z">Turkey</subfield>
    <subfield code="9">lat</subfield>
  </datafield>
  <datafield tag="670" ind1=" " ind2=" ">
    <subfield code="a">Lippincott.</subfield>
  </datafield>
  <datafield tag="670" ind1=" " ind2=" ">
    <subfield code="a">Web. geog.</subfield>
  </datafield>
  <datafield tag="670" ind1=" " ind2=" ">
    <subfield code="a">Britannica 14.</subfield>
  </datafield>
  <datafield tag="781" ind1=" " ind2="0">
    <subfield code="w">n</subfield>
    <subfield code="z">Aegean Islands (Greece and Turkey)</subfield>
  </datafield>
  <datafield tag="901" ind1=" " ind2=" ">
    <subfield code="a">315144043</subfield>
  </datafield>
</record>