

<!-- בריכת השילוח -->

<record xmlns="http://www.loc.gov/MARC21/slim"
xmlns:xsi="http://www.w3.org/2001/XMLSchema-instance"
xsi:schemaLocation="http://www.loc.gov/MARC21/slim
http://www.loc.gov/standards/marcxml/schema/MARC21slim.xsd">
  <leader>     cz  a2200205n  4500</leader>
  <controlfield tag="001">000633795</controlfield>
  <controlfield tag="003">DLC</controlfield>
  <controlfield tag="005">20140703092327.0</controlfield>
  <controlfield tag="008">000214|| anannbabn          |a ana     c</controlfield>
  <datafield tag="010" ind1=" " ind2=" ">
    <subfield code="a">sh 00001878</subfield>
  </datafield>
  <datafield tag="040" ind1=" " ind2=" ">
    <subfield code="a">UPB</subfield>
    <subfield code="b">eng</subfield>
    <subfield code="c">DLC</subfield>
  </datafield>
  <datafield tag="151" ind1=" " ind2=" ">
    <subfield code="a">Siloam, Pool of (Jerusalem, Israel)</subfield>
    <subfield code="9">lat</subfield>
  </datafield>
  <datafield tag="151" ind1=" " ind2=" ">
    <subfield code="a">בריכת השילוח (ירושלים, ישראל)</subfield>
    <subfield code="9">heb</subfield>
  </datafield>
  <datafield tag="451" ind1=" " ind2=" ">
    <subfield code="a">Pool of Siloam (Jerusalem)</subfield>
    <subfield code="9">lat</subfield>
  </datafield>
  <datafield tag="451" ind1=" " ind2=" ">
    <subfield code="a">Siloam&apos;s Pool (Jerusalem)</subfield>
    <subfield code="9">lat</subfield>
  </datafield>
  <datafield tag="451" ind1=" " ind2=" ">
    <subfield code="a">Siloam, Pool of (Jerusalem)</subfield>
    <subfield code="9">lat</subfield>
  </datafield>
  <datafield tag="550" ind1=" " ind2=" ">
    <subfield code="w">g</subfield>
    <subfield code="a">Reservoirs</subfield>
    <subfield code="z">Israel</subfield>
    <subfield code="z">Jerusalem</subfield>
    <subfield code="9">lat</subfield>
  </datafield>
  <datafield tag="667" ind1=" " ind2=" ">
    <subfield code="a">This heading is not valid for use as a geographic subdivision.</subfield>
  </datafield>
  <datafield tag="670" ind1=" " ind2=" ">
    <subfield code="a">Work cat: Essai sur l&apos;Isaiee de l&apos;histoire : etude de quelques textes notamment dans Isa. VII, VIII &amp; XXII, 1975.</subfield>
  </datafield>
  <datafield tag="670" ind1=" " ind2=" ">
    <subfield code="a">Discovering the world of the Bible, 1996:</subfield>
    <subfield code="b">p. 53 (Pool of Siloam; Siloam&apos;s Pool is located on the south end of the City of David, near the point where the Valley of Hinnom and the Tyropoeon Valley (Cheesemaker&apos;s Valley) run into the Kidron Valley)</subfield>
  </datafield>
  <datafield tag="670" ind1=" " ind2=" ">
    <subfield code="a">Harper-Collins Bible dict., 1996:</subfield>
    <subfield code="b">p. 1022 (&quot;a reservoir within the city known as the pool of Siloam&quot;)</subfield>
  </datafield>
  <datafield tag="675" ind1=" " ind2=" ">
    <subfield code="a">Getty, Feb. 3, 2000;</subfield>
    <subfield code="a">Lippincott;</subfield>
    <subfield code="a">Web. geog.;</subfield>
    <subfield code="a">Atlas of the early Christian</subfield>
  </datafield>
  <datafield tag="901" ind1=" " ind2=" ">
    <subfield code="a">315161533</subfield>
  </datafield>
</record>