

<!-- מצדה -->

<record xmlns="http://www.loc.gov/MARC21/slim"
xmlns:xsi="http://www.w3.org/2001/XMLSchema-instance"
xsi:schemaLocation="http://www.loc.gov/MARC21/slim
http://www.loc.gov/standards/marcxml/schema/MARC21slim.xsd">
  <leader>     cz  a2200253n  4500</leader>
  <controlfield tag="001">000712101</controlfield>
  <controlfield tag="003">DLC</controlfield>
  <controlfield tag="005">20151006131617.0</controlfield>
  <controlfield tag="008">860211|| anannbabn          |b ana</controlfield>
  <datafield tag="010" ind1=" " ind2=" ">
    <subfield code="a">sh 85081785</subfield>
  </datafield>
  <datafield tag="040" ind1=" " ind2=" ">
    <subfield code="a">DLC</subfield>
    <subfield code="c">DLC</subfield>
    <subfield code="d">DLC</subfield>
  </datafield>
  <datafield tag="151" ind1=" " ind2=" ">
    <subfield code="a">Masada Site (Israel)</subfield>
    <subfield code="9">lat</subfield>
  </datafield>
  <datafield tag="151" ind1=" " ind2=" ">
    <subfield code="a">מצדה, אתר (ישראל)</subfield>
    <subfield code="9">heb</subfield>
  </datafield>
  <datafield tag="451" ind1=" " ind2=" ">
    <subfield code="a">Ḥorvot Metsadah (Israel)</subfield>
    <subfield code="9">lat</subfield>
  </datafield>
  <datafield tag="451" ind1=" " ind2=" ">
    <subfield code="a">Ḥorvot Meẓada (Israel)</subfield>
    <subfield code="9">lat</subfield>
  </datafield>
  <datafield tag="451" ind1=" " ind2=" ">
    <subfield code="a">Massada Site (Israel)</subfield>
    <subfield code="9">lat</subfield>
  </datafield>
  <datafield tag="451" ind1=" " ind2=" ">
    <subfield code="a">Mazada Site (Israel)</subfield>
    <subfield code="9">lat</subfield>
  </datafield>
  <datafield tag="451" ind1=" " ind2=" ">
    <subfield code="a">Metsada Site (Israel)</subfield>
    <subfield code="9">lat</subfield>
  </datafield>
  <datafield tag="451" ind1=" " ind2=" ">
    <subfield code="a">Metsadah Site (Israel)</subfield>
    <subfield code="9">lat</subfield>
  </datafield>
  <datafield tag="451" ind1=" " ind2=" ">
    <subfield code="w">nne</subfield>
    <subfield code="a">Meẓada (Fortress), Israel</subfield>
    <subfield code="9">lat</subfield>
  </datafield>
  <datafield tag="451" ind1=" " ind2=" ">
    <subfield code="a">Meẓada Site (Israel)</subfield>
    <subfield code="9">lat</subfield>
  </datafield>
  <datafield tag="451" ind1=" " ind2=" ">
    <subfield code="a">Sabba Site (Israel)</subfield>
    <subfield code="9">lat</subfield>
  </datafield>
  <datafield tag="451" ind1=" " ind2=" ">
    <subfield code="a">Sebbe Site (Israel)</subfield>
    <subfield code="9">lat</subfield>
  </datafield>
  <datafield tag="551" ind1=" " ind2=" ">
    <subfield code="w">g</subfield>
    <subfield code="a">Israel</subfield>
    <subfield code="x">Antiquities</subfield>
    <subfield code="9">lat</subfield>
  </datafield>
  <datafield tag="781" ind1=" " ind2="0">
    <subfield code="z">Israel</subfield>
    <subfield code="z">Masada Site</subfield>
  </datafield>
  <datafield tag="901" ind1=" " ind2=" ">
    <subfield code="a">315127217</subfield>
  </datafield>
</record>