


<!-- עמק יזרעאל -->

<record xmlns="http://www.loc.gov/MARC21/slim"
xmlns:xsi="http://www.w3.org/2001/XMLSchema-instance"
xsi:schemaLocation="http://www.loc.gov/MARC21/slim
http://www.loc.gov/standards/marcxml/schema/MARC21slim.xsd">
  <leader>     cz  a2200313n  4500</leader>
  <controlfield tag="001">000815783</controlfield>
  <controlfield tag="003">DLC</controlfield>
  <controlfield tag="005">20140504165451.0</controlfield>
  <controlfield tag="008">920924|| anannbabn          |a ana</controlfield>
  <datafield tag="010" ind1=" " ind2=" ">
    <subfield code="a">sh 92005308</subfield>
  </datafield>
  <datafield tag="040" ind1=" " ind2=" ">
    <subfield code="a">DLC</subfield>
    <subfield code="c">DLC</subfield>
    <subfield code="d">DLC</subfield>
  </datafield>
  <datafield tag="151" ind1=" " ind2=" ">
    <subfield code="a">Emek Yizre&apos;el (Israel)</subfield>
    <subfield code="9">lat</subfield>
  </datafield>
  <datafield tag="151" ind1=" " ind2=" ">
    <subfield code="a">עמק יזרעאל (ישראל)</subfield>
    <subfield code="9">heb</subfield>
  </datafield>
  <datafield tag="451" ind1=" " ind2=" ">
    <subfield code="a">Esdraelon, Plain of (Israel)</subfield>
    <subfield code="9">lat</subfield>
  </datafield>
  <datafield tag="451" ind1=" " ind2=" ">
    <subfield code="a">Yizre&apos;el Valley (Israel)</subfield>
    <subfield code="9">lat</subfield>
  </datafield>
  <datafield tag="451" ind1=" " ind2=" ">
    <subfield code="a">Yizre&apos;el Valley</subfield>
    <subfield code="9">lat</subfield>
  </datafield>
  <datafield tag="451" ind1=" " ind2=" ">
    <subfield code="a">ʻEmeq Yizreʻel (Israel)</subfield>
    <subfield code="9">lat</subfield>
  </datafield>
  <datafield tag="451" ind1=" " ind2=" ">
    <subfield code="a">Jezrael Valley (Israel)</subfield>
    <subfield code="9">lat</subfield>
  </datafield>
  <datafield tag="451" ind1=" " ind2=" ">
    <subfield code="a">Jezreel, Valley of (Israel)</subfield>
    <subfield code="9">lat</subfield>
  </datafield>
  <datafield tag="451" ind1=" " ind2=" ">
    <subfield code="a">Jezreel Valley (Israel)</subfield>
    <subfield code="9">lat</subfield>
  </datafield>
  <datafield tag="451" ind1=" " ind2=" ">
    <subfield code="a">Plain of Esdraelon (Israel)</subfield>
    <subfield code="9">lat</subfield>
  </datafield>
  <datafield tag="451" ind1=" " ind2=" ">
    <subfield code="a">Valley of Jezreel (Israel)</subfield>
    <subfield code="9">lat</subfield>
  </datafield>
  <datafield tag="451" ind1=" " ind2=" ">
    <subfield code="a">Yizreʻel, ʻEmeḳ (Israel)</subfield>
    <subfield code="9">lat</subfield>
  </datafield>
  <datafield tag="550" ind1=" " ind2=" ">
    <subfield code="w">g</subfield>
    <subfield code="a">Plains</subfield>
    <subfield code="z">Israel</subfield>
    <subfield code="9">lat</subfield>
  </datafield>
  <datafield tag="550" ind1=" " ind2=" ">
    <subfield code="w">g</subfield>
    <subfield code="a">Valleys</subfield>
    <subfield code="z">Israel</subfield>
    <subfield code="9">lat</subfield>
  </datafield>
  <datafield tag="667" ind1=" " ind2=" ">
    <subfield code="a">Changed to standard Israeli form</subfield>
  </datafield>
  <datafield tag="670" ind1=" " ind2=" ">
    <subfield code="a">Work cat.: 91226883: Yadin, A. Be-emtsaʻ ha-Tamuz, 1990:</subfield>
    <subfield code="b">p. 6 (ʻEmeḳ Yizreʻel)</subfield>
  </datafield>
  <datafield tag="670" ind1=" " ind2=" ">
    <subfield code="a">Encyc. Judaica</subfield>
    <subfield code="b">(Jezreel, Valley of, also Plain of Esdraelon)</subfield>
  </datafield>
  <datafield tag="670" ind1=" " ind2=" ">
    <subfield code="a">BGN gaz. of Israel, 1983</subfield>
    <subfield code="b">(Yizreʻel, Plain of, pln 32⁰36ʹN, 35⁰14ʹE, conventional, Plain of Esdraelon; ref. from Jezreel, Plain of)</subfield>
  </datafield>
  <datafield tag="670" ind1=" " ind2=" ">
    <subfield code="a">Britannica Micro.</subfield>
    <subfield code="b">(Esdraelon, Plain of, ref. from Jezreel, Valley of)</subfield>
  </datafield>
  <datafield tag="670" ind1=" " ind2=" ">
    <subfield code="a">New. Cath. encyc.</subfield>
    <subfield code="b">(Jezrael, city and valley)</subfield>
  </datafield>
  <datafield tag="670" ind1=" " ind2=" ">
    <subfield code="a">Web. geog.</subfield>
    <subfield code="b">(Esdraelon, Plain of, also Valley of Jezreel or Heb. ʻEmeq Yizreʻel)</subfield>
  </datafield>
  <datafield tag="670" ind1=" " ind2=" ">
    <subfield code="a">Lippincott</subfield>
    <subfield code="b">(Jezreel, Plain of, or Plain of Esdraelon; Hebrew ʻEmeq Jezreel)</subfield>
  </datafield>
  <datafield tag="781" ind1=" " ind2="0">
    <subfield code="z">Israel</subfield>
    <subfield code="z">Emek Yizre&apos;el</subfield>
  </datafield>
  <datafield tag="901" ind1=" " ind2=" ">
    <subfield code="a">315149797</subfield>
  </datafield>
</record>