

<!-- גשר בנות יעקב -->

<record xmlns="http://www.loc.gov/MARC21/slim"
xmlns:xsi="http://www.w3.org/2001/XMLSchema-instance"
xsi:schemaLocation="http://www.loc.gov/MARC21/slim
http://www.loc.gov/standards/marcxml/schema/MARC21slim.xsd">
  <leader>     cz  a2200205n  4500</leader>
  <controlfield tag="001">000878032</controlfield>
  <controlfield tag="003">DLC</controlfield>
  <controlfield tag="005">20111211152249.0</controlfield>
  <controlfield tag="008">021108|| anannbabn          |a ana     c</controlfield>
  <datafield tag="010" ind1=" " ind2=" ">
    <subfield code="a">sh2002011287</subfield>
  </datafield>
  <datafield tag="040" ind1=" " ind2=" ">
    <subfield code="a">MH-P</subfield>
    <subfield code="b">eng</subfield>
    <subfield code="c">DLC</subfield>
  </datafield>
  <datafield tag="151" ind1=" " ind2=" ">
    <subfield code="a">Gesher Benot Ya&apos;akov Site (Israel)</subfield>
    <subfield code="9">lat</subfield>
  </datafield>
  <datafield tag="151" ind1=" " ind2=" ">
    <subfield code="a">אתר גשר בנות יעקב (ישראל)</subfield>
    <subfield code="9">heb</subfield>
  </datafield>
  <datafield tag="451" ind1=" " ind2=" ">
    <subfield code="a">Gesher Benot Ya&apos;aqov Site (Israel)</subfield>
    <subfield code="9">lat</subfield>
  </datafield>
  <datafield tag="551" ind1=" " ind2=" ">
    <subfield code="w">g</subfield>
    <subfield code="a">Israel</subfield>
    <subfield code="x">Antiquities</subfield>
    <subfield code="9">lat</subfield>
  </datafield>
  <datafield tag="670" ind1=" " ind2=" ">
    <subfield code="a">Work cat.: Goren-Inbar, N. The Acheulian site of Gesher Benot Ya&apos;aqov, Israel, 2002.</subfield>
  </datafield>
  <datafield tag="670" ind1=" " ind2=" ">
    <subfield code="a">Institute of Archaeology, The Hebrew University of Jerusalem WWW site, Nov. 7th, 2002</subfield>
    <subfield code="b">(Gesher Benot Ya&apos;aqov, prehistoric site)</subfield>
  </datafield>
  <datafield tag="670" ind1=" " ind2=" ">
    <subfield code="a">What you need to know about archaeology WWW site, Nov. 7th, 2002</subfield>
    <subfield code="b">(Gesher Benot Ya&apos;aqov, Acheulean site in Israel)</subfield>
  </datafield>
  <datafield tag="670" ind1=" " ind2=" ">
    <subfield code="a">ABCnews.com WWW site, Nov. 7th, 2002</subfield>
    <subfield code="b">(Gesher Benot Ya&apos;aqov site)</subfield>
  </datafield>
  <datafield tag="675" ind1=" " ind2=" ">
    <subfield code="a">Dictionnaire de la prehistoire, c1988; Archaeological atlas of the world, c1975</subfield>
  </datafield>
  <datafield tag="781" ind1=" " ind2="0">
    <subfield code="z">Israel</subfield>
    <subfield code="z">Gesher Benot Ya&apos;ḳov Site</subfield>
  </datafield>
  <datafield tag="901" ind1=" " ind2=" ">
    <subfield code="a">315141580</subfield>
  </datafield>
</record>